%%%%%%%%%%%%%%%%%%%%%%%%%%%%%%%%%%%%%%%%%%%%%%%%%%%%%%%%%%%%%%%%%%%%%%%%%%%%%%%%
%%
%%  Example .bib references
%%
%%  Use the label (first entry) to cite a reference with \cite{label} in your
%%  document. This example bibliography contains a number of examples of different
%%  references. Consult http://www.bibtex.org/ for more information.
%%
%%%%%%%%%%%%%%%%%%%%%%%%%%%%%%%%%%%%%%%%%%%%%%%%%%%%%%%%%%%%%%%%%%%%%%%%%%%%%%%%
@InProceedings{espritosanto_et_al:LIPIcs:2019:10525,
  author =	{Jos{\'e} Esp{\'i}rito Santo and Lu{\'i}s Pinto and Tarmo Uustalu},
  title =	{{Modal Embeddings and Calling Paradigms}},
  booktitle =	{4th International Conference on Formal Structures for Computation and Deduction (FSCD 2019)},
  pages =	{18:1--18:20},
  series =	{Leibniz International Proceedings in Informatics (LIPIcs)},
  ISBN =	{978-3-95977-107-8},
  ISSN =	{1868-8969},
  year =	{2019},
  volume =	{131},
  editor =	{Herman Geuvers},
  publisher =	{Schloss Dagstuhl--Leibniz-Zentrum fuer Informatik},
  address =	{Dagstuhl, Germany},
  URL =		{http://drops.dagstuhl.de/opus/volltexte/2019/10525},
  URN =		{urn:nbn:de:0030-drops-105256},
  doi =		{10.4230/LIPIcs.FSCD.2019.18},
  annote =	{Keywords: intuitionistic S4, call-by-name, call-by-value, comonadic lambda-calculus, standardization, indifference property}
}

@misc{
    peys04:HowToWriteAGoodResearchPaper,
    author  = {{Peyton Jones}, Simon},
    title   = {How to write a good research paper},
    date    = {october},
    year    = 2004,
    note    = {Presentation at Technical University of Vienna, \url{http://research.microsoft.com/en-us/um/people/simonpj/papers/giving-a-talk/writing-a-paper-slides.pdf}}
}
@misc{
    PlanetsOnWikipedia,
    title       = {http://en.wikipedia.org/wiki/Planet}
}
@article{
    aalw01:ExterminateDynamicChangeBug_ISF2001,
    author      = {{\noopsort{Aalst}{van der Aalst}}, Wil},
    title       = {Exterminating the Dynamic Change Bug: A Concrete Approach to Support Workflow Change},
    journal     = {Information Systems Frontiers},
    volume      = {3:3},
    year        = {2001},
    pages       = {297-317},
    publisher   = {Kluwer Academic Publishers}
}
@techreport{
    aalw02:WorkflowPatterns,
    author      = {{\noopsort{Aalst}{van der Aalst}}, Wil and {\noopsort{Hofstede}{ter Hofstede}}, Arthur and Kiepuszewski, Bartek and Barros, Ana},
    title       = {Workflow patterns},
    institution = {Queensland University of Technology},
    year        = 2002,
    number      = {FIT-TR-2002-02}
}
@incollection{
    abrs90:lazyLambdaCalculus,
    author    = {Abramsky, Samson},
    title     = {The lazy lambda calculus},
    booktitle = {Research Topics in Functional Programming},
    publisher = {Addison-Wesley},
    address   = {Reading, MA, USA},
    editor    = {Turner, David},
    isbn      = {0-201-17236-4},
    pages     = {65--116},
    year      = 1990,
    url       = {\texttt{http:\-//\-citeseer.nj.nec.com\-/abramsky90lazy.html}}
}
@inproceedings{
    agoa00:ImprovingFlexibilityOfWFMs_BPM00,
    author    = {Agostini, Alessandra and {\noopsort{Michelis}{De Michelis}}, Giorgio},
    title     = {Improving flexibility of workflow management systems},
    booktitle = {Business Process Management},
    editor    = {{\noopsort{Aalst}{van der Aalst}}, Wil},
    publisher = {Springer-Verlag},
    series    = LNCS,
    volume    = {1806},
    pages     = {218-234},
    year      = 2000
}
@book{
    baej90:ProcessAlgebra,
    author    = {Baeten, Jos and Weijland, Peter},
    title     = {Process algebra},
    publisher = {Cambridge University Press},
    series    = {Cambridge Tracts in Theoretical Computer Science},
    volume    = {18},
    year      = 1990
}
@book{
    bare84:LambdaCalculusBook,
    author    = {Barendregt, Henk},
    title     = {The lambda calculus, its syntax and semantics (revised edition)},
    publisher = {North-Holland},
    series    = {Studies in Logic},
    volume    = {103},
    year      = 1984
}
@techreport{
    brod01:generating,
    author      = {Broda, Sabine and Damas, Lu√≠s},
    title       = {Generating normal inhabitants of types with a common structure},
    number      = {DCC-2001-1},
    institution = {DCC-FC \& LIACC, Universidade do Porto, Portugal},
    year        = 2001
}
@unpublished{Chak03:HaskellFFI,
    author = {Chakravarty, Manuel},
    title  = {The {Haskell} 98 {Foreign Function Interface} 1.0, an addendum to the {Haskell} 98 Report},
    year   = {2003},
    note   = {\url{http://www.cse.unsw.edu.au/~chak/haskell/ffi}}
}
@manual{
    coq98:manual,
    author       = {The Coq Development Team},
    title        = {The {C}oq proof assistant reference manual (version 7.0)},
    year         = 1998,
    note         = {\texttt{http:\-//\-pauillac.inria.fr\-/coq\-/doc\-/main.html}}
}
@proceedings{
  DBLP:conf/fp/1995,
  editor    = {Turner, David},
  title     = {Functional programming,},
  organization = {Glasgow, UK},
  booktitle = {Functional Programming},
  publisher = {Springer-Verlag},
  series    = {Workshops in Computing 1995},
  year      = 1996,
  isbn      = {3-540-14580-X},
  bibsource = {DBLP, \texttt{http:\-//\-dblp.uni-trier.de}}
}
@phdthesis{
    hinr02:proofgeneric,
    author = {Hinze, Ralf},
    title  = {Generic programs and proofs},
    school = {Universit\"at Bonn},
    year   = 2000,
    note   = {Habilitationsschrift}
}
@book{
    hoac85:CSP,
    author    = {Hoare, Charles},
    title     = {Communicating sequential processes},
    series    = {International Series in Computer Science},
    publisher = {Prentice-Hall International},
    year      = 1985
}
@conference{hofm11:symmetricLenses,
    author = "Martin Hofmann and Benjamin C. Pierce and Daniel Wagner",
    booktitle = "Proceedings of the 38th ACM SIGPLAN-SIGACT Symposium on Principles of Programming Languages, POPL 2011, Austin, TX, USA",
    editor = "Thomas Ball and Mooly Sagiv",
    isbn = "978-1-4503-0490-0",
    pages = "371-384",
    publisher = "ACM",
    title = "{S}ymmetric lenses",
    year = "2011",
}
@misc{
    mcrl2:mCRL2toolset,
    title        = {{mCRL2} toolset},
    howpublished = {\texttt{http:\-//\-www.mcrl2.org/}}
}
@manual{
    milr97:SML,
    author       = {Milner, Robert and Tofte, Mads and Harper, Robert and MacQueen, David},
    title        = {The definition of {S}tandard {ML} (revised)},
    organization = {MIT Press},
    year         = 1997
}
@mastersthesis{Nayl04:Hackle,
    author = {Naylor, Matthew},
    title  = {Haskell to {Clean} translation},
    school = {University of York},
    year   = {2004},
    note   = {\url{http://www-users.cs.york.ac.uk/~mfn/hacle/hacle.pdf}}
}
